@article{emigh, 
	title={Reinforcement Learning in Video Games Using Nearest Neighbor Interpolation and Metric Learning}, 
	volume={8}, 
	DOI={10.1109/tciaig.2014.2369345}, 
	number={1}, 
	journal={IEEE Transactions on Computational Intelligence and AI in Games}, 
	author={Emigh, Matthew S. and Kriminger, Evan G. and Brockmeier, Austin J. and Principe, Jose C. and Pardalos, Panos M.}, 
	year={2016}, 
	pages={56â€“66}
}

